@article{sibly2002population,
  title={Population growth rate and its determinants: an overview},
  author={Sibly, Richard M and Hone, Jim},
  journal={Philosophical Transactions of the Royal Society of London. Series B: Biological Sciences},
  volume={357},
  number={1425},
  pages={1153--1170},
  year={2002},
  publisher={The Royal Society}
}

@article{calka2022ratio,
  title={The ratio of the land consumption rate to the population growth rate: A framework for the achievement of the spatiotemporal pattern in Poland and Lithuania},
  author={Calka, Beata and Orych, Agata and Bielecka, Elzbieta and Mozuriunaite, Skirmante},
  journal={Remote Sensing},
  volume={14},
  number={5},
  pages={1074},
  year={2022},
  publisher={MDPI}
}

@article{semenza2022climate,
  title={Climate change and cascading risks from infectious disease},
  author={Semenza, Jan C and Rockl{\"o}v, Joacim and Ebi, Kristie L},
  journal={Infectious Diseases and Therapy},
  volume={11},
  number={4},
  pages={1371--1390},
  year={2022},
  publisher={Springer}
}

@article{fisman2022impact,
  title={Impact of population mixing between vaccinated and unvaccinated subpopulations on infectious disease dynamics: implications for SARS-CoV-2 transmission},
  author={Fisman, David N and Amoako, Afia and Tuite, Ashleigh R},
  journal={CMAJ},
  volume={194},
  number={16},
  pages={E573--E580},
  year={2022},
  publisher={Can Med Assoc}
}

@article{ismatova2022research,
  title={Research of Impact of Direct Bioconversion of Secondary Grain and Fruit Raw Materials by Probiotic Microorganisms on Increasing the Protein Value of Feed Additives},
  author={Ismatova, Sh N},
  journal={Journal of Pharmaceutical Negative Results},
  pages={2370--2374},
  year={2022}
}

@article{chatterjee_antibacterial_2015,
	title = {Antibacterial effect of silver nanoparticles and the modeling of bacterial growth kinetics using a modified {Gompertz} model},
	volume = {1850},
	issn = {03044165},
	doi = {10.1016/j.bbagen.2014.10.022},
	language = {en},
	number = {2},
	urldate = {2021-12-02},
	journal = {Biochimica et Biophysica Acta (BBA) - General Subjects},
	author = {Chatterjee, Tanaya and Chatterjee, Barun K. and Majumdar, Dipanwita and Chakrabarti, Pinak},
	month = feb,
	year = {2015},
	pages = {299--306},
}

@article{fujikawa_new_2004,
	title = {A new logistic model for {Escherichia} coli growth at constant and dynamic temperatures},
	volume = {21},
	issn = {07400020},
	doi = {10.1016/j.fm.2004.01.007},
	language = {en},
	number = {5},
	urldate = {2021-12-01},
	journal = {Food Microbiology},
	author = {Fujikawa, Hiroshi and Kai, Akemi and Morozumi, Satoshi},
	month = oct,
	year = {2004},
	pages = {501--509},
}


@article{peleg_modeling_1997,
	title = {Modeling microbial populations with the original and modified versions of the continuous and discrete logistic equations},
	volume = {37},
	issn = {1040-8398, 1549-7852},
	doi = {10.1080/10408399709527785},
	language = {en},
	number = {5},
	urldate = {2021-12-01},
	journal = {Critical Reviews in Food Science and Nutrition},
	author = {Peleg, Micha and Shetty, Kalidas},
	month = aug,
	year = {1997},
	pages = {471--490},
}

@article{buchanan_when_1997,
	title = {When is simple good enough: a comparison of the {Gompertz}, {Baranyi}, and three-phase linear models for fitting bacterial growth curves},
	volume = {14},
	issn = {07400020},
	shorttitle = {When is simple good enough},
	doi = {10.1006/fmic.1997.0125},
	language = {en},
	number = {4},
	urldate = {2021-11-20},
	journal = {Food Microbiology},
	author = {Buchanan, R.L and Whiting, R.C and Damert, W.C},
	month = aug,
	year = {1997},
	pages = {313--326},
}